@report{berkely,
	title = {{MIDS} Capstone Projects},
	url = {https://www.ischool.berkeley.edu/programs/mids/capstone},
	titleaddon = {{UC} Berkeley School of Information},
	urldate = {2019-02-27},
}

@report{cmu,
	location = {Eberly Center},
	title = {How Can {I} Compose Groups? - {Eberly Center - Carnegie Mellon University}},
	url = {https://www.cmu.edu/teaching/designteach/teach/instructionalstrategies/groupprojects/compose.html},
	institution = {Carnegie Mellon University},
	organization = {{Carnegie Mellon University}},
	urldate = {2019-02-27},
	year = {2016},
}

@report{facultyfocus1,
	title = {Group Work: Are Student-Selected Groups More Effective?},
	url = {https://www.facultyfocus.com/articles/teaching-and-learning/group-work-are-student-selected-groups-more-effective/},
	urldate = {2019-02-27},
	year = {2011},
	month = {June},
	day = {10}
}

@report{illinois,
	title = {Group Learning},
	url = {https://citl.illinois.edu/citl-101/teaching-learning/resources/teaching-strategies/group-learning},
	titleaddon = {Group Learning},
	type = {University Website},
	organization = {{Univeristy of Illinois}},
	urldate = {2019-02-27},
	year = {2019}
}

@report{nd,
	location = {Kaneb Center for Teaching and Learning},
	title = {Selecting Groups for Collaborative Learning {\guillemotleft} {N}otes on Teaching and Learning},
	url = {http://sites.nd.edu/kaneb/2017/03/20/selecting-groups-for-collaborative-learning/},
	institution = {University of Notre Dame},
	author = {{Andre Audette}},
	urldate = {2019-02-27},
	year = {2017},
	month = {March},
	day = {20}
}

@report{ryerson,
	location = {The Learning \& Teaching Office},
	title = {Using Project Management Concepts in the Facilitation of Group Work},
	organization = {Ryerson University},
	author = {Hanna, Dalia and Schwartz, Michelle},
	year = {2011},
	url = {https://www.ryerson.ca/content/dam/lt/resources/handouts/ProjectManagementGroupWork.pdf}
}

@article{hilton2010,
	title = {Instructor-Assigned and Student-Selected Groups: {A} View from Inside},
	volume = {25},
	[issn = {0739-3172},
	url = {https://aaajournals.org/doi/10.2308/iace.2010.25.1.15},
	doi = {10.2308/iace.2010.25.1.15},
	pages = {15--33},
	number = {1},
	journal = {Issues in Accounting Education},
	author = {Hilton, Sandy and Phillips, Fred},
	urldate = {2019-02-27},
	year = {2010}
}

@article{hassaskhah2015,
	title = {The Impact of Group Formation Method (Student-selected vs. Teacher-assigned) on Group Dynamics and Group Outcome in {EFL} Creative Writing},
	volume = {6},
	rights = {Copyright (c) 2015 Journal of Language Teaching and Research ({JLTR}, {ISSN} 1798-4769)},
	issn = {1798-4769},
	url = {http://www.academypublication.com/ojs/index.php/jltr/article/view/jltr0601147156},
	doi = {10.17507/jltr.0601.18},
	pages = {147--156},
	number = {1},
	journal = {Journal of Language Teaching and Research},
	author = {Hassaskhah, Jaleh and Mozaffari, Hamideh},
	urldate = {2019-02-27},
	year = {2015}
}

@inproceedings{potosky2014,
	title = {Forming teams for classroom projects},
	volume = {34},
	booktitle = {Developments in Business Simulation and Experiential Learning: Proceedings of the Annual {ABSEL} conference},
	author = {Potosky, Denise and Duck, Janet M.},
	year = {2014},
	url = {https://journals.tdl.org/absel/index.php/absel/article/download/456/420}
}

@report{ucalgary,
	title = {Students learn how to reduce group-project stress},
	url = {https://haskayne.ucalgary.ca/news/students-learn-how-reduce-group-project-stress},
	titleaddon = {Haskayne {\textbar} University of Calgary},
	urldate = {2019-03-03},
	date = {2016-01-19},
	langid = {english},
	
}

@article{forrest_teaching_2008,
	title = {Teaching Students to Work Well in Groups},
	volume = {21},
	url = {https://www.psychologicalscience.org/observer/teaching-students-to-work-well-in-groups},
	number = {2},
	journaltitle = {{APS} Observer},
	author = {Forrest, Krista D.},
	urldate = {2019-03-03},
	date = {2008-02-01},
	langid = {american},
}

@report{concordia,
	title = {Benefits of Students Working in Groups},
	url = {https://education.cu-portland.edu/blog/classroom-resources/how-to-impart-the-benefits-of-students-working-in-groups/},
	Organization = {{Concordia University-Portland}},
	urldate = {2019-03-03},
	year = {2013},
	month = {Febraury},
	day = {02}
}

@report{macleans,
	title = {Why {I} hate group projects - {M}acleans.ca},
	url = {https://www.macleans.ca/education/uniandcollege/why-i-hate-group-projects/},
	author = {Ravanne Lawday},
	year = {2013},
	month = {April},
	day = {18},
	urldate = {2019-03-03}
}

@report{helping,
	title = {Helping diverse learners navigate group work (essay) {\textbar} {I}nside {H}igher {E}d},
	url = {https://www.insidehighered.com/advice/2017/08/01/helping-diverse-learners-navigate-group-work-essay},
	urldate = {2019-03-03},
	author = {Margaret Finnegan},
	year = {2017},
	month = {August},
	day = {1}
}

@report{facultyfocus2,
	title = {Why Some Students Struggle with Group Work},
	url = {https://www.facultyfocus.com/articles/course-design-ideas/why-some-students-struggle-with-group-work/},
	titleaddon = {Faculty Focus {\textbar} Higher Ed Teaching \& Learning},
	author = {Flower Darby},
	urldate = {2019-03-03},
	year = {2018},
	month = {March},
	day = {29}
}

@article{park2018,
	title = {The contribution of self-compassion and compassion to others to students' emotions and project commitment when experiencing conflict in group projects},
	volume = {88},
	issn = {0883-0355},
	url = {http://www.sciencedirect.com/science/article/pii/S0883035517313198},
	doi = {10.1016/j.ijer.2018.01.009},
	pages = {20--30},
	journal = {International Journal of Educational Research},
	author = {Park, John Jongho and Long, Phoebe and Choe, Nathan Hyungsok and Schallert, Diane L.},
	urldate = {2019-03-03},
	year = {2018}
}

@article{lee2015,
	title = {Successful student group projects: Perspectives and strategies},
	volume = {10},
	issn = {1557-3087},
	url = {http://www.sciencedirect.com/science/article/pii/S1557308715000578},
	pages = {186--191},
	number = {4},
	journal = {Teaching and Learning in Nursing},
	author = {Lee, Carolyn J. and Ahonen, Kathy and Navarette, Erica and Frisch, Khalie},
	urldate = {2019-03-03},
	year = {2015}
}

@report{sanchez,
	title = {Group Projects: Worth the Stress?},
	url = {https://csulauniversitytimes.com/12055/news/group-projects-worth-the-stress/},
	titleaddon = {University Times},
	author = {Sanchez, Adriana},
	urldate = {2019-03-03},
}

@article{noauthor_students_2014,
	title = {Students cope with group project stress},
	url = {http%3A%2F%2Flink.galegroup.com%2Fapps%2Fdoc%2FA365956225%2FAONE%3Fu%3Dko_acd_ac%26sid%3DAONE%26xid%3D8191dff9},
	pages = {1},
	journaltitle = {{UWIRE} Text},
	urldate = {2019-03-03},
	date = {2014-04-24}
}

@article{pociask2017,
	title = {Does Team Formation Impact Student Performance, Effort and Attitudes in a College Course Employing Collaborative Learning?},
	volume = {17},
	issn = {1527-9316},
	url = {https://eric.ed.gov/?id=EJ1151565},
	pages = {19--33},
	number = {3},
	journal = {Journal of the Scholarship of Teaching and Learning},
	author = {Pociask, Sarah and Gross, David and Shih, Mei-Yau},
	urldate = {2019-03-03},
	year = {2017}%-07},
}

@article{chapman2006,
	title = {Can't We Pick our Own Groups? {T}he Influence of Group Selection Method on Group Dynamics and Outcomes},
	volume = {30},
	issn = {1052-5629, 1552-6658},
	url = {http://journals.sagepub.com/doi/10.1177/1052562905284872},
	doi = {10.1177/1052562905284872},
	pages = {557--569},
	number = {4},
	journal = {Journal of Management Education},
	author = {Chapman, Kenneth J. and Meuter, Matthew and Toy, Dan and Wright, Lauren},
	urldate = {2019-03-06},
	year = {2006}
}

@article{goulding2005,
	title = {Grounded theory, ethnography and phenomenology: A comparative analysis of three qualitative strategies for marketing research},
	volume = {39},
	pages = {294--308},
	number = {3},
	journal = {European journal of Marketing},
	author = {Goulding, Christina},
	year = {2005},
}

@report{abet,
	title = {Criteria for Accrediting Engineering Programs, 2016--2017 {\textbar} {ABET}},
	url = {https://www.abet.org/accreditation/accreditation-criteria/criteria-for-accrediting-engineering-programs-2016-2017/},
	Organization = {{ABET}},
	titleaddon = {{ABET}},
	type = {Organization website},
	urldate = {2019-03-08},
}

@report{aacsb,
	title = {{AACSB} Business Accreditation Standards {\textbar} {B}usiness Accreditation Standards for Business Programs},
	url = {https://www.aacsb.edu/accreditation/standards/business},
	Organization = {{AACSB}},
	type = {Organization website},
	urldate = {2019-03-08},
	year = {2019},
	month = {July},
	day = {1}
}

@misc{interview,
    title={Interview with {IAWD} Program Coordinator},
    author={{W. Gong, Interviewee}},
    year={2019},
    month={March},
    note = {{[Interview]}}
}

@report{uwaterloo,
	title = {Implementing Group Work in the classroom},
	url = {https://uwaterloo.ca/centre-for-teaching-excellence/teaching-resources/teaching-tips/alternatives-lecturing/group-work/implementing-group-work-classroom},
	titleaddon = {Centre for Teaching Excellence},
	accessed = {2019-03-14},
	organization = {University of Waterloo},
	year = {2012},
	month = {October},
	day = {30},
}

@report{lethbridge,
	title = {Group Work {\textbar} {U}niversity of {L}ethbridge},
	url = {https://www.uleth.ca/teachingcentre/group-work},
	organization = {University of Lethbridge},
	urldate = {2019-03-14},
	year = {2019}
% 	month = {March}
}

@report{ubc,
	title = {Working in Groups {\textbar} Learning Commons},
	url = {https://learningcommons.ubc.ca/student-toolkits/working-in-groups/},
	urldate = {2019-03-14},
}

@report{uwo,
	title = {Teamwork and Group Work},
	url = {https://teaching.uwo.ca/teaching/engaging/index.html},
	type = {University Website},
	organization = {{Western University}},
	urldate = {2019-03-14},
	year = {2019}
}

@article{brandonu,
	title = {Impact of Group Formation on Women's Empowerment and Economic Resilience in Rural Tajikistan},
	volume = {12},
    issn = {1712-8277},
	url = {https://journals.brandonu.ca/jrcd/article/view/1336},
	number = {1},
	journal = {Journal of Rural and Community Development},
	author = {Molesworth, Kate and Sécula, Florence and Eager, Rachel A. and Murodova, Zuhro and Yarbaeva, Shakhlo and Matthys, Barbara},
	urldate = {2019-03-14},
	year = {2017}
}

@report{uncw,
	title = {{JET} - Burke},
	url = {https://www.uncw.edu/jet/articles/Vol11_2/Burke.html},
	urldate = {2019-03-14},
}

@report{algonquin,
	title = {How to use Group work Effectively {\textbar} {P}rofessional {D}evelopment},
	url = {https://www.algonquincollege.com/pd/2014/02/24/how-to-use-group-work-effectively/},
	organization = {{Algonquin College}},
	urldate = {2019-03-14},
	year = {2014},
	month = {February},
	day = {24}
}

@report{hall_making_2013,
	title = {Making Group Projects Work {\textbar} {T}he {I}nnovative {I}nstructor},
	url = {https://ii.library.jhu.edu/2013/05/01/making-group-projects-work/},
	titleaddon = {The Innovative Instructor Blog},
	type = {University Website},
	author = {Hall, Macie},
	urldate = {2019-03-14},
	year = {2013},
	month = {May},
	date = {01}
}

@report{duke,
	title = {Making Student Teams Work in Your Course},
	url = {https://learninginnovation.duke.edu/faculty-opportunities/art-and-science-of-teaching/using-student-teams-effectively-course/},
	titleaddon = {Duke Learning Innovation},
	type = {University Website},
	author = {{Duke University}},
	urldate = {2019-03-15},
}


@report{mazur,
	title = {Assessment: The Silent Killer of Learning / Eric Mazur [Dudley Herschbach Teacher/Scientist Lecture]},
	url = {https://www.youtube.com/watch?v=CBzn9RAJG6Q},
	shorttitle = {Assessment},
	organization = {Harvard University},
	author = {{Eric Mazur}},
	urldate = {2019-03-19},
	date = {2013-10-29}
}

@report{saisson2013,
	title = {The difference between a group and a team - {T}he {B}usiness {J}ournals},
	url = {https://www.bizjournals.com/bizjournals/how-to/growth-strategies/2013/06/the-difference-between-a-group-and-a.html},
	titleaddon = {The Business Journals},
	author = {Jim Sisson},
	urldate = {2019-03-23},
	year = {2013},
	month = {June},
	day = {14}
}


@report{algonquinBlog,
	title = {Ask {J}asmine: {S}even Ways to make group work less painful},
	url = {https://www.algonquincollege.com/college-blog/ask-jasmine/},
	shorttitle = {Ask Jasmine},
	abstract = {“I hate working in groups – there are too many personalities and there’s always someone who doesn’t pull their weight! But my courses involve a lot of group work. How do I deal},
	titleaddon = {{AC} Blog {\textbar} Algonquin College},
	author = {Jasmine Cady},
	urldate = {2019-03-24},
	year = {2016},
	month = {April},
	day = {1},
}


@report{counselling,
	title = {Services for Current Students},
	url = {https://www.algonquincollege.com/counselling/current-students/current-students-services/},
	organization = {{Algonquin College}},
	urldate = {2019-03-24},
	year = {2019},
	month = {March}
}